@online{ebay2025,
  author  = {eBay Seller},
  title   = {Morse Key},
  year    = {2025},
  url     = {https://www.ebay.co.uk/itm/264104597863},
  urldate = {2025-03-31}
}

@online{eham2025,
  author  = {eHam.net},
  title   = {Product Reviews: Morse Key},
  year    = {2025},
  url     = {https://www.eham.net/reviews/view-product?id=3214},
  urldate = {2025-03-31}
}

@online{keychron2025,
  author  = {Keychron},
  title   = {Cherry Mechanical Switch Guide},
  year    = {2025},
  url     = {https://www.keychron.com/blogs/news/cherry-mechanical-switch-guide},
  urldate = {2025-03-31}
}

@online{cherry2025,
  author  = {Cherry GmbH},
  title   = {MX Standard Switches},
  year    = {2025},
  url     = {https://www.cherry.de/en-gb/products/mx-switches/mx-standard},
  urldate = {2025-03-31}
}

@online{giangrandi2025,
  author  = {Giangrandi, Paolo},
  title   = {Building a Straight Key for CW},
  year    = {2025},
  url     = {https://www.giangrandi.ch/mechanics/cwsk/cwsk.shtml},
  urldate = {2025-03-31}
}

@online{electronicsnotes2025,
  author  = {Electronics Notes},
  title   = {How to Use \& Setup a Straight Morse Key},
  year    = {2025},
  url     = {https://www.electronics-notes.com/articles/ham_radio/morse_code/use-setup-straight-morse-key.php},
  urldate = {2025-03-31}
}

@online{sciendo2022,
  author  = {Senćanski, Jelena and Kosić, Branislav and Popović, Marko and Popović, Miroslav},
  title   = {Living Hinges in 3D Printing},
  year    = {2022},
  url     = {https://sciendo.com/article/10.2478/bipcm-2022-0022},
  urldate = {2025-03-31},
  journal = {Building Materials and Structures},
  volume  = {65},
  number  = {4},
  pages   = {233--243},
  doi     = {10.2478/bipcm-2022-0022}
}

@inproceedings{carson2024,
  author    = {Carson, John A.},
  title     = {Folded Flexure Design},
  year      = {2024},
  booktitle = {Proceedings of the European Space Mechanisms and Tribology Symposium},
  url       = {https://www.esmats.eu/amspapers/pastpapers/pdfs/2024/carson.pdf},
  urldate   = {2025-03-31}
}

@online{bambulab_pla2025,
  author  = {Bambu Lab},
  title   = {PLA Basic Filament},
  year    = {2025},
  url     = {https://uk.store.bambulab.com/products/pla-basic-filament},
  urldate = {2025-03-31}
}

@online{bambulab_placf2025,
  author  = {Bambu Lab},
  title   = {PLA-CF Filament},
  year    = {2025},
  url     = {https://uk.store.bambulab.com/products/pla-cf},
  urldate = {2025-03-31}
}

@online{protolabs2025,
  author  = {Proto Labs},
  title   = {Considerations for 3D Printed Part Orientation},
  year    = {2025},
  url     = {https://www.protolabs.com/resources/blog/considerations-for-3d-printed-part-orientation/},
  urldate = {2025-03-31}
}

@online{prepomax2025,
  title   = {PrePoMax: Pre- and Post-Processor for {CalculiX}},
  year    = {2025},
  url     = {https://prepomax.fs.um.si/},
  urldate = {2025-03-31}
}

@online{calculix2025,
  title   = {{CalculiX}: A Free Software Three-Dimensional Structural Finite Element Program},
  year    = {2025},
  url     = {https://www.calculix.de/},
  urldate = {2025-03-31}
}